<record><leader>00000cas a22000007a 4500</leader><controlfield tag="001">29021096</controlfield><controlfield tag="008">931015d19uu1910nyuwr n       0    0eng d</controlfield><datafield ind1=" " ind2=" " tag="010"><subfield code="a">sn 93063960 </subfield></datafield><datafield ind1=" " ind2=" " tag="040"><subfield code="a">NYS</subfield><subfield code="b">eng</subfield><subfield code="c">NYS</subfield><subfield code="d">OCLCQ</subfield></datafield><datafield ind1=" " ind2=" " tag="042"><subfield code="a">msc</subfield></datafield><datafield ind1="0" ind2="0" tag="245"><subfield code="a">South Dayton news.</subfield></datafield><datafield ind1=" " ind2=" " tag="260"><subfield code="a">South Dayton :</subfield><subfield code="b">H.C. Mills</subfield></datafield><datafield ind1=" " ind2=" " tag="300"><subfield code="a">v.</subfield></datafield><datafield ind1=" " ind2=" " tag="310"><subfield code="a">Weekly</subfield></datafield><datafield ind1="0" ind2=" " tag="362"><subfield code="a">-v. 5, no. 27 (Feb. 11, 1910).</subfield></datafield><datafield ind1=" " ind2=" " tag="588"><subfield code="a">Description based on: Vol. 4, no. 39, (May 7, 1909).</subfield></datafield><datafield ind1=" " ind2="4" tag="651"><subfield code="a">South Dayton (N.Y.)</subfield><subfield code="v">Newspapers.</subfield></datafield><datafield ind1=" " ind2=" " tag="752"><subfield code="a">United States</subfield><subfield code="b">New York</subfield><subfield code="c">Cattaraugus</subfield><subfield code="d">South Dayton.</subfield></datafield><datafield ind1="0" ind2="4" tag="785"><subfield code="t">Cherry Creek news (Cherry Creek, N.Y. : 1905)</subfield><subfield code="w">(DLC)sn 92062126</subfield></datafield><datafield ind1="1" ind2=" " tag="029"><subfield code="a">AU@</subfield><subfield code="b">000025880820</subfield></datafield></record>